<?xml version="1.0" encoding="UTF-8"?><collection xmlns="http://www.loc.gov/MARC21/slim"><record><leader>00307nam--2200121-i-4500</leader><controlfield tag="001">000040663</controlfield><controlfield tag="002">20161230</controlfield><controlfield tag="005">20161230201042</controlfield><controlfield tag="008">060222s1000------------r-----000-0-eng-d</controlfield><datafield ind1=" " ind2=" " tag="100"><subfield code="a">Schreiber,H</subfield></datafield><datafield ind1=" " ind2=" " tag="245"><subfield code="a">Guide mondial des transistors</subfield></datafield><datafield ind1=" " ind2=" " tag="260"><subfield code="a">Paris, Societe Des Editions Radio, 1959. 54 P</subfield></datafield><datafield ind1=" " ind2=" " tag="852"><subfield code="a">15470</subfield></datafield></record></collection>